@book{ian_goodfellow_deep_2016,
	title = {Deep Learning},
	url = {http://www.deeplearningbook.org},
	publisher = {{MIT} Press},
	author = {Ian Goodfellow and Yoshua Bengio and Aaron Courville},
	date = {2016}
}

@article{lecun_gradient-based_1998,
	title = {Gradient-Based Learning Applied to Doument Recognition},
	shorttitle = {{LeCun}1998},
	journaltitle = {Proc. of the {IEEE}},
	author = {{LeCun}, Yann and Bottou, Léon and Bengio, Yoshua and Haffner, Patrick},
	date = {1998}
}

@book{charniak_introduction_2018,
	edition = {1st},
	title = {Introduction to Deep Learning},
	isbn = {978-0-262-03951-2},
	publisher = {The {MIT} Press},
	author = {Charniak, Eugene},
	date = {2018}
}

@article{alex_krizhevsy_imagenet_2012,
	title = {{ImageNet} Classiﬁcation with Deep Convolutional Neural Networks},
	author = {{Alex Krizhevsy} and Sutskever, Ilya and Hinton, Geoffrey},
	date = {2012}
}

@article{lin_network_2014,
	title = {Network In Network},
	url = {http://arxiv.org/abs/1312.4400},
	journaltitle = {{arXiv}:1312.4400 [cs]},
	author = {Lin, Min and Chen, Qiang and Yan, Shuicheng},
	urldate = {2020-05-11},
	date = {2014-03-04},
	eprinttype = {arxiv},
	eprint = {1312.4400},
}

@article{simonyan_very_2015,
	title = {Very Deep Convolutional Networks for Large-Scale Image Recognition},
	url = {http://arxiv.org/abs/1409.1556},
	journaltitle = {{arXiv}:1409.1556 [cs]},
	author = {Simonyan, Karen and Zisserman, Andrew},
	urldate = {2020-05-11},
	date = {2015-04-10},
	eprinttype = {arxiv},
	eprint = {1409.1556},
}

@article{he_deep_2015,
	title = {Deep Residual Learning for Image Recognition},
	journaltitle = {{IEEE} Xplore},
	author = {He, Kaiming and Zhang, Xiangyu and Ren, Shaoquig and Sun, Jian},
	date = {2015}
}

@article{szegedy_going_2015,
	title = {Going Deeper with Convolutions},
	journaltitle = {{IEEE} Xplore},
	author = {Szegedy, Christian and Liu, Wei and Jia, Yangqing},
	date = {2015}
}

@article{redmon_you_2016,
	title = {You Only Look Once: Unified, Real-Time Object Detection},
	url = {http://arxiv.org/abs/1506.02640},
	shorttitle = {You Only Look Once},
	journaltitle = {{arXiv}:1506.02640 [cs]},
	author = {Redmon, Joseph and Divvala, Santosh and Girshick, Ross and Farhadi, Ali},
	urldate = {2020-05-11},
	date = {2016-05-09},
	eprinttype = {arxiv},
	eprint = {1506.02640},
}

@article{lin_focal_2018,
	title = {Focal Loss for Dense Object Detection},
	url = {http://arxiv.org/abs/1708.02002},
	journaltitle = {{arXiv}:1708.02002 [cs]},
	author = {Lin, Tsung-Yi and Goyal, Priya and Girshick, Ross and He, Kaiming and Dollár, Piotr},
	urldate = {2020-06-05},
	date = {2018-02-07},
	eprinttype = {arxiv},
	eprint = {1708.02002},
}